@BOOK{freebsd,
  author = {Marshall Kirk McKusick},
  title = {The Design and Implementation of the FreeBSD Operating System},
  publisher = {Addison-Wesley},
  year      = 2014,
  edition   = 2,
  month     = 11,
  isbn      = {978-0-321-96897-5}
}

@BOOK{windows,
	author = {Mark Russinovich},
  	title = {Windows Internals Part 1},
  	publisher = {Microsoft Press},
  	year      = 2012,
  	edition   = 6,
  	isbn      = {978-0-7356-4873-9}
}

@BOOK{linux,
	author = {Robert Love},
  	title = {Linux Kernel Development},
  	publisher = {Pearson Education},
  	year      = 2010,
  	edition   = 3,
  	isbn      = {978-0-672-32946-3}
}
