@BOOK{freebsd,
    author = {Marshall Kirk McKusick},
    title = {The Design and Implementation of the FreeBSD Operating System},
    publisher = {Addison-Wesley},
    year      = 2014,
    edition   = 2,
    month     = 11,
    isbn      = {978-0-321-96897-5}
}
@BOOK{windows,
    author = {Mark Russinovich},
    title = {Windows Internals Part 1},
    publisher = {Microsoft Press},
    year      = 2012,
    edition   = 6,
    isbn      = {978-0-7356-4873-9}
}
@BOOK{linux,
    author = {Robert Love},
    title = {Linux Kernel Development},
    publisher = {Pearson Education},
    year      = 2010,
    edition   = 3,
    isbn      = {978-0-672-32946-3}
}
@ELECTRONIC{Windows_CreateFile,
    author={Microsoft},
    title={CreateFile function},
    url={https://msdn.microsoft.com/en-us/library/windows/desktop/aa363858(v=vs.85).aspx},
}
@book{FreeBSDBook,
    address = {Boston},
    author = {McKusick, Marshall Kirk. and George V. Neville-Neil},
    edition = {2nd},
    publisher = {Addison-Wesley Print},
    title = {The Design and Implementation of the FreeBSD Operating System},
    year = {2015},
}
@ELECTRONIC{linuxprocesses,
    author={David A Rusling},
    title={Chapter 4 Processes},
    year={1999},
    url={http://www.tldp.org/LDP/tlk/kernel/processes.html},
}
@ELECTRONIC{freebsdfork,
    author={The FreeBSD Project},
    title={FreeBSD Man Pages - Fork(2)},
    year={2017},
    url={https://www.freebsd.org/cgi/man.cgi?fork(2)},
}
@ELECTRONIC{windowsprocesses,
    author={A. M. Khidhir},
    title={Design and Implementation of a CPU Bound Process Migration in Windows 7},
    year={2012},
    url={http://ieeexplore.ieee.org/stamp/stamp.jsp?tp=&arnumber=6516381&isnumber=6516308},
}
@ELECTRONIC{linuxscheduler,
    author={Josh Aas},
    title={Understanding the Linux 2.6.8.1 CPU Scheduler},
    year={2005},
    url={https://www.cs.unm.edu/~eschulte/classes/cs587/data/10.1.1.59.6385.pdf},
}
