@ELECTRONIC{FreeBSD,
    author={Marshall Kirk McCusick and George V. Neville-Neil},
    title={Design and Implementation of the FreeBSD Operating System 2/e},
    year={2015},
}
@ELECTRONIC{Windows,
    author={Mark Russinovich David Solomon and Alex Ionescu},
    title={Windows Internals, Part 2 6/e},
    year={2012},
}
@ELECTRONIC{FreeBSD2,
    author={localhost},
    title={FreeBSD Disk Scheduler},
    url={https://wiki.freebsd.org/Hybrid},
}
@ELECTRONIC{create_file,
    author={Microsoft},
    title={CreateFile function},
    url={https://msdn.microsoft.com/en-us/library/windows/desktop/aa363858(v=vs.85).aspx},
}
